@book{ref1,
  author = {Ian Millington, John David Funge},
  title = {Artificial Intelligence for Games},
  year = {August 2009},
  publisher = {Taylor \& Francis}
}

@book{ref2,
  author = {David M. Bourg,Glenn Seemann},
  title = {AI for Game Developers},
  year = {August 2004},
  publisher = {Paperback}
}

@book {ref3,
  author = {Brian schwab},
  title = {AI Game engine programming},
  year = {2009},
  publisher = {Course technology}
}

@article{ref4,
   author = {Marvin Lee Minsky}, 
   title = {Heuristic Aspects of the Artificial Intelligence Problem}, 
   year = {1956}
}

@book{ref5,
   author = {Guy Debord \& Alice Becker-Ho}, 
   title = {Le jeu de la guerre : Relev√© des positions successives de toutes les forces au cours d'une partie.}, 
   year = {2006},
   publisher = {Edition Gallimard} 
} 

@article{ref6,
   author = {RSG : collective of programmers}, 
   title = {Kriegspiel},
   note = {\url{http://r-s-g.org/kriegspiel/rules.php}}
}

